<?xml version="1.0" encoding="UTF-8"?><collection xmlns="http://www.loc.gov/MARC21/slim"><record><leader>00314nam--2200097-i-4500</leader><controlfield tag="001">000006260</controlfield><controlfield tag="002">20161230</controlfield><controlfield tag="005">20161230201026</controlfield><controlfield tag="008">060222s1000------------r-----000-0-eng-d</controlfield><datafield ind1=" " ind2=" " tag="245"><subfield code="a">Catalogul colectiv al revistelor stiintifice s traine intrate in bibliotecile din cluj</subfield></datafield><datafield ind1=" " ind2=" " tag="260"><subfield code="a">Cluj, Universitatea Babes-bolyai, 1961. 463 P</subfield></datafield></record></collection>